% This is a dummy .bib file.
@article{dummy2023,
    author = {A. Dummy},
    title = {Dummy Title},
    journal = {Dummy Journal},
    year = {2023},
    volume = {1},
    pages = {1--2}
}
